<record><leader>00000cas a22000007a 4500</leader><controlfield tag="001">13078820</controlfield><controlfield tag="008">860129d19031958pauwr ne      0    0eng d</controlfield><datafield ind1=" " ind2=" " tag="010"><subfield code="a">sn 86081057 </subfield></datafield><datafield ind1=" " ind2=" " tag="040"><subfield code="a">NPH</subfield><subfield code="b">eng</subfield><subfield code="c">NPH</subfield><subfield code="d">NSD</subfield><subfield code="d">OCLCQ</subfield></datafield><datafield ind1=" " ind2=" " tag="042"><subfield code="a">msc</subfield></datafield><datafield ind1="0" ind2="4" tag="245"><subfield code="a">The Leader-dispatch.</subfield></datafield><datafield ind1=" " ind2=" " tag="260"><subfield code="a">Galeton, Pa. :</subfield><subfield code="b">Leader Dispatch Co.,</subfield><subfield code="c">-1958.</subfield></datafield><datafield ind1=" " ind2=" " tag="300"><subfield code="a">v. ;</subfield><subfield code="c">56 cm.</subfield></datafield><datafield ind1=" " ind2=" " tag="310"><subfield code="a">Weekly</subfield></datafield><datafield ind1="1" ind2=" " tag="362"><subfield code="a">Began in 1903.</subfield><subfield code="z">Cf. Potter Co. newspapers, 1838-1960.</subfield></datafield><datafield ind1="0" ind2=" " tag="362"><subfield code="a">-v. 67, no. 41 (Nov. 6, 1958).</subfield></datafield><datafield ind1=" " ind2=" " tag="500"><subfield code="a">Published every Thursday.</subfield></datafield><datafield ind1=" " ind2=" " tag="580"><subfield code="a">Absorbed by: Potter enterprise (Coudersport, Pa. : 1950), 1958.</subfield></datafield><datafield ind1=" " ind2=" " tag="588"><subfield code="a">Description based on: Vol. 18, no. 2 (Jan. 2, 1913).</subfield></datafield><datafield ind1=" " ind2=" " tag="752"><subfield code="a">United States</subfield><subfield code="b">Pennsylvania</subfield><subfield code="c">Potter</subfield><subfield code="d">Galeton.</subfield></datafield><datafield ind1="0" ind2="4" tag="780"><subfield code="t">Galeton leader</subfield></datafield><datafield ind1="0" ind2="4" tag="780"><subfield code="t">Galeton dispatch</subfield><subfield code="w">(DLC)sn 86081058</subfield></datafield><datafield ind1="1" ind2="4" tag="785"><subfield code="t">Potter enterprise (Coudersport, Pa. : 1950)</subfield><subfield code="x">0888-6253</subfield><subfield code="w">(DLC)sn 86081073</subfield></datafield><datafield ind1="1" ind2=" " tag="029"><subfield code="a">AU@</subfield><subfield code="b">000023435667</subfield></datafield></record>